01REMESSA01COBRANCA       0764103656261000152                               756SICOOB        20210330        0000005                                                                                                                                                                                                                                                                                 2.00000001
1AAA            AAA                            212001296      20210330 N B        00000000000000            0138295049691004210000000000200         AN300321000000000000000003003210000000000000000000000000000000000000001000003829504969JOAO GALINO                             R. JORGIOR DE ARMANI, 172               00000000000 8608331000000                                                       000002
1AAA            AAA                            212001393      20210330 N B        00000000000000            0138295049691104210000000000300         AN300321000000000000000003003210000000000000000000000000000000000000001000003829504969MARIA SILVA                             R. JORGIOR DE ARMANI, 145               00000000000 8608331000000                                                       000003
1AAA            AAA                            212001490      20210330 N B        00000000000000            0152200001971204210000000000400         AN300321000000000000000003003210000000000000000000000000000000000000002020105220000197ZE ABREU                                R. JORGIOR DE ARMANI, 167               00000000000 8608331000000                                                       000004
9174807641                                                                                                                                                                                                                                                                                                                                                                                                000005
